@article{weisberg2015shovels,
  title = {Shovels and swords: How realistic and fantastical themes affect children's word learning},
  author = {Weisberg, Deena Skolnick and Ilgaz, Hande and Hirsh-Pasek, Kathy and Golinkoff, Roberta and Nicolopoulou,
            Ageliki and Dickinson, David K},
  journal = {Cognitive Development},
  volume = {35},
  pages = {1--14},
  year = {2015},
  publisher = {Elsevier},
}

@article{beurer2023prompting,
  title = {Prompting is programming: A query language for large language models},
  volume = {7},
  ISSN = {2475-1421},
  url = {http://dx.doi.org/10.1145/3591300},
  DOI = {10.1145/3591300},
  number = {PLDI},
  journal = {Proceedings of the ACM on Programming Languages},
  publisher = {Association for Computing Machinery (ACM)},
  author = {Beurer-Kellner, Luca and Fischer, Marc and Vechev, Martin},
  year = {2023},
  month = jun,
  pages = {1946--1969},
}

@article{mao2023large,
  title = {Large language models know your contextual search intent: A prompting framework for conversational search},
  author = {Mao, Kelong and Dou, Zhicheng and Mo, Fengran and Hou, Jiewen and Chen, Haonan and Qian, Hongjin},
  year = {2023},
  eprint = {2303.06573},
  archivePrefix = {arXiv},
  primaryClass = {cs.IR},
  url = {https://arxiv.org/abs/2303.06573},
}

@article{wei2022finetunedlanguagemodelszeroshot,
  title = {Finetuned Language Models Are Zero-Shot Learners},
  author = {Jason Wei and Maarten Bosma and Vincent Y. Zhao and Kelvin Guu and Adams Wei Yu and Brian Lester and Nan Du
            and Andrew M. Dai and Quoc V. Le},
  year = {2022},
  eprint = {2109.01652},
  archivePrefix = {arXiv},
  primaryClass = {cs.CL},
  url = {https://arxiv.org/abs/2109.01652},
}

@book{guzdial2015learner,
  title = {Learner-centered design of computing education: Research on computing for everyone},
  author = {Guzdial, Mark},
  year = {2015},
  publisher = {Morgan \& Claypool Publishers},
}

@article{wing2008computational,
  title = {Computational thinking and thinking about computing},
  author = {Wing, Jeannette M},
  journal = {Philosophical Transactions of the Royal Society A: Mathematical, Physical and Engineering Sciences},
  volume = {366},
  number = {1881},
  pages = {3717--3725},
  year = {2008},
  publisher = {The Royal Society London},
}

@article{bsharat2023principled,
  title = {Principled Instructions Are All You Need for Questioning {LLaMA}-1/2, {GPT}-3.5/4},
  author = {Sondos Mahmoud Bsharat and Aidar Myrzakhan and Zhiqiang Shen},
  year = {2024},
  eprint = {2312.16171},
  archivePrefix = {arXiv},
  primaryClass = {cs.CL},
  url = {https://arxiv.org/abs/2312.16171},
}

@article{zhang2024extending,
  title = {Extending Llama-3's Context Ten-Fold Overnight},
  author = {Peitian Zhang and Ninglu Shao and Zheng Liu and Shitao Xiao and Hongjin Qian and Qiwei Ye and Zhicheng Dou},
  year = {2024},
  eprint = {2404.19553},
  archivePrefix = {arXiv},
  primaryClass = {cs.CL},
  url = {https://arxiv.org/abs/2404.19553},
}

@article{jeon2023large,
  title = {Large language models in education: A focus on the complementary relationship between human teachers and {
           ChatGPT}},
  author = {Jeon, Jaeho and Lee, Seongyong},
  journal = {Education and Information Technologies},
  volume = {28},
  number = {12},
  pages = {15873--15892},
  year = {2023},
  publisher = {Springer},
}

@online{metagenaiinfra,
  title = {{Building Meta's GenAI Infrastructure}},
  author = {Lee, Kevin and Gangidi, Adi and Oldham, Mathew},
  url = {https://engineering.fb.com/2024/03/12/data-center-engineering/building-metas-genai-infrastructure/},
}

@article{liu2023pre,
  title = {Pre-train, prompt, and predict: A systematic survey of prompting methods in natural language processing},
  author = {Liu, Pengfei and Yuan, Weizhe and Fu, Jinlan and Jiang, Zhengbao and Hayashi, Hiroaki and Neubig, Graham},
  journal = {ACM Computing Surveys},
  volume = {55},
  number = {9},
  pages = {1--35},
  year = {2023},
  publisher = {ACM New York, NY},
}

@article{celik2022promises,
  title = {The promises and challenges of artificial intelligence for teachers: A systematic review of research},
  author = {Celik, Ismail and Dindar, Muhterem and Muukkonen, Hanni and J{\"a}rvel{\"a}, Sanna},
  journal = {TechTrends},
  volume = {66},
  number = {4},
  pages = {616--630},
  year = {2022},
  publisher = {Springer},
}

@inproceedings{kwon2023efficient,
  title = {Efficient Memory Management for Large Language Model Serving with PagedAttention},
  author = {Woosuk Kwon and Zhuohan Li and Siyuan Zhuang and Ying Sheng and Lianmin Zheng and Cody Hao Yu and Joseph E.
            Gonzalez and Hao Zhang and Ion Stoica},
  booktitle = {Proceedings of the ACM SIGOPS 29th Symposium on Operating Systems Principles},
  year = {2023},
}

@article{zawacki2019systematic,
  title = {Systematic review of research on artificial intelligence applications in higher education--where are the
           educators?},
  author = {Zawacki-Richter, Olaf and Mar{\'\i}n, Victoria I and Bond, Melissa and Gouverneur, Franziska},
  journal = {International Journal of Educational Technology in Higher Education},
  volume = {16},
  number = {1},
  pages = {1--27},
  year = {2019},
  publisher = {Springer},
}

@article{hu2021lora,
  title = {{LoRA: Low-Rank Adaptation of Large Language Models}},
  author = {Edward J. Hu and Yelong Shen and Phillip Wallis and Zeyuan Allen-Zhu and Yuanzhi Li and Shean Wang and Lu
            Wang and Weizhu Chen},
  year = {2021},
  eprint = {2106.09685},
  archivePrefix = {arXiv},
  primaryClass = {cs.CL},
  url = {https://arxiv.org/abs/2106.09685},
}

@article{raschka2018model,
  title = {Model Evaluation, Model Selection, and Algorithm Selection in Machine Learning},
  author = {Sebastian Raschka},
  year = {2020},
  eprint = {1811.12808},
  archivePrefix = {arXiv},
  primaryClass = {cs.LG},
  url = {https://arxiv.org/abs/1811.12808},
}

@article{goldberg2016primer,
  title = {A primer on neural network models for natural language processing},
  author = {Goldberg, Yoav},
  journal = {Journal of Artificial Intelligence Research},
  volume = {57},
  pages = {345--420},
  year = {2016},
}

@article{bommasani2021opportunities,
  title = {On the Opportunities and Risks of Foundation Models},
  author = {Rishi Bommasani and Drew A. Hudson and Ehsan Adeli and Russ Altman and Simran Arora and Sydney von Arx and
            Michael S. Bernstein and Jeannette Bohg and Antoine Bosselut and Emma Brunskill and others},
  year = {2022},
  eprint = {2108.07258},
  archivePrefix = {arXiv},
  primaryClass = {cs.LG},
  url = {https://arxiv.org/abs/2108.07258},
}

@article{zhao2023survey,
  title = {A Survey of Large Language Models},
  author = {Wayne Xin Zhao and Kun Zhou and Junyi Li and Tianyi Tang and Xiaolei Wang and Yupeng Hou and Yingqian Min
            and Beichen Zhang and Junjie Zhang and Zican Dong and others},
  year = {2023},
  eprint = {2303.18223},
  archivePrefix = {arXiv},
  primaryClass = {cs.CL},
  url = {https://arxiv.org/abs/2303.18223},
}

@article{roziere2023code,
  title = {Code Llama: Open Foundation Models for Code},
  author = {Baptiste Rozière and Jonas Gehring and Fabian Gloeckle and Sten Sootla and Itai Gat and Xiaoqing Ellen Tan
            and Yossi Adi and Jingyu Liu and Romain Sauvestre and Tal Remez and Jérémy Rapin and Artyom Kozhevnikov and
            others},
  year = {2024},
  eprint = {2308.12950},
  archivePrefix = {arXiv},
  primaryClass = {cs.CL},
  url = {https://arxiv.org/abs/2308.12950},
}

@article{inan2023llama,
  title = {{Llama Guard}: {LLM}-based Input-Output Safeguard for {Human-AI} Conversations},
  author = {Hakan Inan and Kartikeya Upasani and Jianfeng Chi and Rashi Rungta and Krithika Iyer and Yuning Mao and
            Michael Tontchev and Qing Hu and Brian Fuller and others},
  year = {2023},
  eprint = {2312.06674},
  archivePrefix = {arXiv},
  primaryClass = {cs.CL},
  url = {https://arxiv.org/abs/2312.06674},
}

@article{de2024ensino,
  title = {Ensino e Aprendizagem de Programa{\c{c}}{\~a}o na Educa{\c{c}}{\~a}o 4.0: Um Mapeamento Sistem{\'a}tico da
           Literatura},
  author = {de Sousa Oliveira, Katyeudo Karlos and da Silva Marcolino, Anderson and Falc{\~a}o, Taciana Pontual and
            Barbosa, Ellen Francine},
  journal = {Simp{\'o}sio Brasileiro de Educa{\c{c}}{\~a}o em Computa{\c{c}}{\~a}o (EDUCOMP)},
  pages = {245--255},
  year = {2024},
  publisher = {SBC},
}

@article{gomes2017desenvolvendo,
  title = {Desenvolvendo o Pensamento Computacional na Educa{\c{c}}{\~a}o Infantil: Um toolkit educacional sobre
           conceitos de programa{\c{c}}{\~a}o baseado em storytelling transmedia},
  author = {Gomes, Tancicleide and Castro, Fernanda and Tedesco, PCAR},
  journal = {S{\'a}nchez, J},
  pages = {31--40},
  year = {2017},
}

@inproceedings{da2023chatgpt,
  title = {{ChatGPT} no aux{\'\i}lio da aprendizagem de programa{\c{c}}{\~a}o: Um estudo de caso},
  author = {da Silva Junior, Silvino Marques and de Freitas, Robson Almeida Borges and de Morais, M{\'a}rcio Aur{\'e}lio
            Carvalho and Costa, Daniel Leite Viana},
  booktitle = {Anais do XXXIV Simp{\'o}sio Brasileiro de Inform{\'a}tica na Educa{\c{c}}{\~a}o},
  pages = {1375--1384},
  year = {2023},
  organization = {SBC},
}

@article{vaswani2017attention,
  title = {Attention is all you need},
  author = {Vaswani, Ashish and Shazeer, Noam and Parmar, Niki and Uszkoreit, Jakob and Jones, Llion and Gomez, Aidan N
            and Kaiser, {\L}ukasz and Polosukhin, Illia},
  journal = {Advances in neural information processing systems},
  volume = {30},
  year = {2017},
}

@report{wef2019schools,
  title = {Schools of the Future: Defining New Models of Education for the Fourth Industrial Revolution},
  author = {{World Economic Forum}},
  year = {2020},
  url = {https://www3.weforum.org/docs/WEF_Schools_of_the_Future_Report_2019.pdf},
}

@article{oliveira_de_souza_2022,
  author = {Katyeudo K. de S. OLIVEIRA and Ricardo A. C. de SOUZA},
  title = {Digital Transformation towards Education 4.0},
  journal = {Informatics in Education},
  volume = {21},
  number = {2},
  year = {2022},
  pages = {283--309},
  doi = {10.15388/infedu.2022.13},
  issn = {1648-5831},
  publisher = {Vilnius University Institute of Data Science and Digital Technologies},
}

@incollection{hong2020introduction,
  title = {Introduction: Education 4.0: Applied degree education and the future of work},
  author = {Hong, Christina and Ma, Will WK},
  booktitle = {Applied Degree Education and the Future of Work: Education 4.0},
  pages = {1--13},
  year = {2020},
  publisher = {Springer},
}

@report{googlestartups2023panorama,
  title = {Panorama de talentos em tecnologia},
  author = {{Google for Startups}},
  year = {2023},
  url = {https://drive.google.com/file/d/1HdlvsAmLvVHkPW46_7TqTcHnbn7__gB0/view?usp=share_link},
}

@article{hoed2017analise,
  title = {An{\'a}lise da evas{\~a}o em cursos superiores: o caso da evas{\~a}o em cursos superiores da {\'a}rea de
           Computa{\c{c}}{\~a}o},
  author = {Hoed, Raphael Magalh{\~a}es},
  year = {2017},
}

@article{takacs2022,
  author = {Tak{\'a}cs, Rita and K{\'a}r{\'a}sz, Judit T. and Tak{\'a}cs, Szabolcs and Horv{\'a}th, Zolt{\'a}n and Ol{\'
            a}h, Attila},
  title = {Successful Steps in Higher Education to Stop Computer Science Students from Attrition},
  journal = {Interchange},
  year = {2022},
  month = {Dec},
  day = {01},
  volume = {53},
  number = {3},
  pages = {637-652},
  issn = {1573-1790},
  doi = {10.1007/s10780-022-09476-2},
  url = {https://doi.org/10.1007/s10780-022-09476-2},
}

@inproceedings{kinnunen2006students,
  title = {Why students drop out {CS1} course?},
  author = {Kinnunen, P{\"a}ivi and Malmi, Lauri},
  booktitle = {Proceedings of the second international workshop on Computing education research},
  pages = {97--108},
  year = {2006},
}

@inproceedings{watson2014failure,
  title = {Failure rates in introductory programming revisited},
  author = {Watson, Christopher and Li, Frederick WB},
  booktitle = {Proceedings of the 2014 conference on Innovation \& technology in computer science education},
  pages = {39--44},
  year = {2014},
}

@inproceedings{alvim2024evasao,
  author = {Alvim, {\'I}caro and Bittencourt, Roberto and Duran, Rodrigo},
  year = {2024},
  month = {04},
  title = {Evasão nos Cursos de Graduação em Computação no {Brasil}},
  journal = {Simpósio Brasileiro de Educação em Computação (EDUCOMP)},
  doi = {10.5753/educomp.2024.237328},
}

@article{radford2019language,
  title = {Language models are unsupervised multitask learners},
  author = {Radford, Alec and Wu, Jeffrey and Child, Rewon and Luan, David and Amodei, Dario and Sutskever, Ilya and
            others},
  journal = {OpenAI blog},
  volume = {1},
  number = {8},
  pages = {9},
  year = {2019},
}

@online{meta2024llama3,
  title = {Introducing {Meta Llama 3}: The most capable openly available {LLM} to date},
  author = {{Meta AI}},
  year = {2024},
  month = {Apr},
  day = {18},
  url = {https://ai.meta.com/blog/meta-llama-3/},
}

@article{brown2020language,
  title = {Language models are few-shot learners},
  author = {Brown, Tom and Mann, Benjamin and Ryder, Nick and Subbiah, Melanie and Kaplan, Jared D and Dhariwal,
            Prafulla and Neelakantan, Arvind and Shyam, Pranav and Sastry, Girish and Askell, Amanda and others},
  journal = {Advances in neural information processing systems},
  volume = {33},
  pages = {1877--1901},
  year = {2020},
}

@misc{bozkurt2024tell,
  title = {Tell me your prompts and {I} will make them true: The alchemy of prompt engineering and generative {AI}},
  author = {Bozkurt, Aras},
  journal = {Open Praxis},
  volume = {16},
  number = {2},
  pages = {111--118},
  year = {2024},
  publisher = {International Council for Open and Distance Education Oslo, Norway},
}

@article{doi:10.1080/10875301.2023.2227621,
  author = {Leo S. Lo},
  title = {The Art and Science of Prompt Engineering: A New Literacy in the Information Age},
  journal = {Internet Reference Services Quarterly},
  volume = {27},
  number = {4},
  pages = {203--210},
  year = {2023},
  publisher = {Routledge},
  doi = {10.1080/10875301.2023.2227621},
  URL = { https://doi.org/10.1080/10875301.2023.2227621 },
  eprint = { https://doi.org/10.1080/10875301.2023.2227621 },
}

@article{lo2023clear,
  title = {The {CLEAR} path: A framework for enhancing information literacy through prompt engineering},
  author = {Leo S. Lo},
  journal = {The Journal of Academic Librarianship},
  volume = {49},
  number = {4},
  pages = {102720},
  year = {2023},
  publisher = {Elsevier},
}

@book{Goodfellow-et-al-2016,
  title = {Deep Learning},
  author = {Ian Goodfellow and Yoshua Bengio and Aaron Courville},
  publisher = {MIT Press},
  url = {http://www.deeplearningbook.org},
  year = {2016},
}

@article{kasneci2023chatgpt,
  title = {{ChatGPT} for good? On opportunities and challenges of large language models for education},
  author = {Kasneci, Enkelejda and Se{\ss}ler, Kathrin and K{\"u}chemann, Stefan and Bannert, Maria and Dementieva,
            Daryna and Fischer, Frank and Gasser, Urs and Groh, Georg and G{\"u}nnemann, Stephan and H{\"u}llermeier,
            Eyke and others},
  journal = {Learning and individual differences},
  volume = {103},
  pages = {102274},
  year = {2023},
  publisher = {Elsevier},
}

@article{hwang2023chatbotseducation,
  author = {Gwo-Jen Hwang and Ching-Yi Chang},
  title = {A review of opportunities and challenges of chatbots in education},
  journal = {Interactive Learning Environments},
  volume = {31},
  number = {7},
  pages = {4099--4112},
  year = {2023},
  publisher = {Routledge},
  doi = {10.1080/10494820.2021.1952615},
  url = { https://doi.org/10.1080/10494820.2021.1952615 },
  eprint = { https://doi.org/10.1080/10494820.2021.1952615 },
}

@misc{bates2020can,
  title = {Can artificial intelligence transform higher education?},
  author = {Bates, Tony and Cobo, Crist{\'o}bal and Mari{\~n}o, Olga and Wheeler, Steve},
  journal = {International Journal of Educational Technology in Higher Education},
  volume = {17},
  pages = {1--12},
  year = {2020},
  publisher = {Springer},
}

@article{floridi2020gpt,
  title = {{GPT}-3: Its nature, scope, limits, and consequences},
  author = {Floridi, Luciano and Chiriatti, Massimo},
  journal = {Minds and Machines},
  volume = {30},
  pages = {681--694},
  year = {2020},
  publisher = {Springer},
}

@book{haykin2009neural,
  added-at = {2017-03-18T17:31:57.000+0100},
  address = {Upper Saddle River, NJ},
  author = {Haykin, Simon S.},
  biburl = {https://www.bibsonomy.org/bibtex/2e5015812328aaeccd73d8b03a7e36831/vngudivada},
  edition = {Third},
  interhash = {4cef19efafc52ae42607f9832a205214},
  intrahash = {e5015812328aaeccd73d8b03a7e36831},
  keywords = {Book Learning NeuralNetwork},
  publisher = {Pearson Education},
  timestamp = {2019-03-25T17:09:32.000+0100},
  title = {Neural networks and learning machines},
  year = {2009},
}

@article{hornik1989multilayer,
  title = {Multilayer feedforward networks are universal approximators},
  author = {Hornik, Kurt and Stinchcombe, Maxwell and White, Halbert},
  journal = {Neural networks},
  volume = {2},
  number = {5},
  pages = {359--366},
  year = {1989},
  publisher = {Elsevier},
}

@article{mccarthy1955proposal,
  title = {A proposal for the dartmouth summer research project on artificial intelligence},
  author = {McCarthy, John and Minsky, Marvin L and Rochester, Nathaniel and Shannon, Claude E},
  day = {31},
  month = {Aug},
  year = {1955},
  url = {https://www-formal.stanford.edu/jmc/history/dartmouth/dartmouth.html},
}

@book{russell2016artificial,
  title = {Artificial intelligence: a modern approach},
  author = {Russell, Stuart J and Norvig, Peter},
  year = {2016},
  publisher = {Pearson},
}

@online{googleaivsml,
  title = {{Artificial intelligence (AI) vs. machine learning (ML)}},
  organization = {Google Cloud},
  url = {https://cloud.google.com/learn/artificial-intelligence-vs-machine-learning},
}

@online{manning2020aidefinitions,
  title = {Artificial Intelligence Definitions},
  author = {Manning, Christopher},
  url = {https://hai.stanford.edu/sites/default/files/2020-09/AI-Definitions-HAI.pdf},
  year = {2020},
  month = {Sep},
  organization = {Stanford University Human-Centered Artificial Intelligence},
}

@article{elman1990finding,
  title = {Finding Structure in Time},
  author = {Elman, Jeffrey L},
  journal = {Cognitive Science},
  volume = {14},
  number = {2},
  pages = {179--211},
  year = {1990},
  publisher = {Wiley Online Library},
}

@inproceedings{wolf-etal-2020-transformers,
  title = "Transformers: State-of-the-Art Natural Language Processing",
  author = "Thomas Wolf and Lysandre Debut and Victor Sanh and Julien Chaumond and Clement Delangue and Anthony Moi and
            Pierric Cistac and Tim Rault and Rémi Louf and Morgan Funtowicz and Joe Davison and Sam Shleifer and Patrick
            von Platen and Clara Ma and Yacine Jernite and Julien Plu and Canwen Xu and Teven Le Scao and Sylvain Gugger
            and Mariama Drame and Quentin Lhoest and Alexander M. Rush",
  booktitle = "Proceedings of the 2020 Conference on Empirical Methods in Natural Language Processing: System
               Demonstrations",
  month = oct,
  year = "2020",
  address = "Online",
  publisher = "Association for Computational Linguistics",
  url = "https://www.aclweb.org/anthology/2020.emnlp-demos.6",
  pages = "38--45",
}

@report{lighthill1973artificial,
  title = {Artificial intelligence: a general survey},
  author = {Lighthill, James},
  year = {1973},
  institution = {Science Research Council},
  url = {http://www.chilton-computing.org.uk/inf/literature/reports/lighthill_report/p001.htm},
}

@report{alpac1966language,
  title = {Language and machines: Computers in translation and linguistics},
  organization = {ALPAC},
  year = {1966},
  institution = {National Academy of Sciences},
  url = {https://web.archive.org/web/20110409070141/http://www.mt-archive.info/ALPAC-1966.pdf},
}

@book{minsky1969perceptrons,
  title = {Perceptrons: An introduction to computational geometry},
  author = {Minsky, Marvin and Papert, Seymour},
  year = {1969},
  publisher = {MIT press},
}

@book{mccorduck2004machines,
  title = {Machines who think: A personal inquiry into the history and prospects of artificial intelligence},
  author = {McCorduck, Pamela and Cfe, Cli},
  year = {2004},
  publisher = {AK Peters/CRC Press},
}

@online{cloudflarewaf,
  title = {{What is a Web Application Firewall (WAF)?}},
  organization = {Cloudflare},
  url = {https://www.cloudflare.com/learning/ddos/glossary/web-application-firewall-waf/},
}

@online{openaipromptengineering,
  title = {Prompt engineering},
  organization = {{OpenAI}},
  url = {https://platform.openai.com/docs/guides/prompt-engineering},
}

@article{kong2023better,
  title = {Better zero-shot reasoning with role-play prompting},
  author = {Aobo Kong and Shiwan Zhao and Hao Chen and Qicheng Li and Yong Qin and Ruiqi Sun and Xin Zhou and Enzhi Wang
            and Xiaohang Dong},
  year = {2024},
  eprint = {2308.07702},
  archivePrefix = {arXiv},
  primaryClass = {cs.CL},
  url = {https://arxiv.org/abs/2308.07702},
}

@article{wei2022chain,
  title = {Chain-of-thought prompting elicits reasoning in large language models},
  author = {Wei, Jason and Wang, Xuezhi and Schuurmans, Dale and Bosma, Maarten and Xia, Fei and Chi, Ed and Le, Quoc V
            and Zhou, Denny and others},
  journal = {Advances in neural information processing systems},
  volume = {35},
  pages = {24824--24837},
  year = {2022},
}

@report{openwebui,
  title = {Designing an open-source {LLM} interface and social platforms for collectively driven {LLM} evaluation and
           auditing},
  organization = {OpenWebUI},
  url = {https://openwebui.com/assets/files/whitepaper.pdf},
}

@article{touvron2023llama,
  title = {Llama: Open and efficient foundation language models},
  author = {Touvron, Hugo and Lavril, Thibaut and Izacard, Gautier and Martinet, Xavier and Lachaux, Marie-Anne and
            Lacroix, Timoth{\'e}e and Rozi{\`e}re, Baptiste and Goyal, Naman and Hambro, Eric and Azhar, Faisal and
            others},
  year = {2023},
  eprint = {2302.13971},
  archivePrefix = {arXiv},
  primaryClass = {cs.CL},
  url = {https://arxiv.org/abs/2302.13971},
}

@article{touvron2023llama2,
  title = {Llama 2: Open foundation and fine-tuned chat models},
  author = {Touvron, Hugo and Martin, Louis and Stone, Kevin and Albert, Peter and Almahairi, Amjad and Babaei, Yasmine
            and Bashlykov, Nikolay and Batra, Soumya and Bhargava, Prajjwal and Bhosale, Shruti and others},
  year = {2023},
  eprint = {2307.09288},
  archivePrefix = {arXiv},
  primaryClass = {cs.CL},
  url = {https://arxiv.org/abs/2307.09288},
}

@article{lewis2020retrieval,
  title = {Retrieval-augmented generation for knowledge-intensive {NLP} tasks},
  author = {Lewis, Patrick and Perez, Ethan and Piktus, Aleksandra and Petroni, Fabio and Karpukhin, Vladimir and Goyal,
            Naman and K{\"u}ttler, Heinrich and Lewis, Mike and Yih, Wen-tau and Rockt{\"a}schel, Tim and others},
  journal = {Advances in Neural Information Processing Systems},
  volume = {33},
  pages = {9459--9474},
  year = {2020},
}

@article{gao2023retrieval,
  title = {Retrieval-Augmented Generation for Large Language Models: A Survey},
  author = {Yunfan Gao and Yun Xiong and Xinyu Gao and Kangxiang Jia and Jinliu Pan and Yuxi Bi and Yi Dai and Jiawei
            Sun and Meng Wang and Haofen Wang},
  year = {2024},
  eprint = {2312.10997},
  archivePrefix = {arXiv},
  primaryClass = {cs.CL},
  url = {https://arxiv.org/abs/2312.10997},
}

@article{chen2024bge,
  title = {{BGE} {M3}-embedding: Multi-lingual, multi-functionality, multi-granularity text embeddings through
           self-knowledge distillation},
  author = {Jianlv Chen and Shitao Xiao and Peitian Zhang and Kun Luo and Defu Lian and Zheng Liu},
  year = {2024},
  eprint = {2402.03216},
  archivePrefix = {arXiv},
  primaryClass = {cs.CL},
  url = {https://arxiv.org/abs/2402.03216},
}

@article{bengio1994learning,
  author = {Bengio, Y. and Simard, P. and Frasconi, P.},
  journal = {IEEE Transactions on Neural Networks},
  title = {Learning long-term dependencies with gradient descent is difficult},
  year = {1994},
  volume = {5},
  number = {2},
  pages = {157-166},
  keywords = {Recurrent neural networks;Production;Delay effects;Intelligent networks;Neural networks;Discrete
              transforms;Computer networks;Cost function;Neurofeedback;Displays},
  doi = {10.1109/72.279181},
}

@article{rumelhart1986learning,
  title = {Learning representations by back-propagating errors},
  author = {Rumelhart, David E and Hinton, Geoffrey E and Williams, Ronald J},
  journal = {Nature},
  volume = {323},
  number = {6088},
  pages = {533--536},
  year = {1986},
  publisher = {Nature Publishing Group},
}

@article{ji2023survey,
  title = {Survey of hallucination in natural language generation},
  author = {Ji, Ziwei and Lee, Nayeon and Frieske, Rita and Yu, Tiezheng and Su, Dan and Xu, Yan and Ishii, Etsuko and
            Bang, Ye Jin and Madotto, Andrea and Fung, Pascale},
  journal = {ACM Computing Surveys},
  volume = {55},
  number = {12},
  pages = {1--38},
  year = {2023},
  publisher = {ACM New York, NY},
}

@inproceedings{giraffa2023ensino,
  author = {Wilian DÁvila and Lucia Giraffa},
  title = {Ensino de Programação Orientada a Objetos Para Iniciantes: Uma Metodologia para Programação Criativa},
  booktitle = {Anais do XXXIV Simpósio Brasileiro de Informática na Educação},
  location = {Passo Fundo/RS},
  year = {2023},
  keywords = {},
  issn = {0000-0000},
  pages = {335--344},
  publisher = {SBC},
  address = {Porto Alegre, RS, Brasil},
  doi = {10.5753/sbie.2023.235067},
  url = {https://sol.sbc.org.br/index.php/sbie/article/view/26674},
}

@inproceedings{glorot2011deep,
  title = {Deep sparse rectifier neural networks},
  author = {Glorot, Xavier and Bordes, Antoine and Bengio, Yoshua},
  booktitle = {Proceedings of the fourteenth international conference on artificial intelligence and statistics},
  pages = {315--323},
  year = {2011},
  organization = {JMLR Workshop and Conference Proceedings},
}

@article{shazeer2020glu,
  title = {{GLU} variants improve transformer},
  author = {Noam Shazeer},
  year = {2020},
  eprint = {2002.05202},
  archivePrefix = {arXiv},
  primaryClass = {cs.LG},
  url = {https://arxiv.org/abs/2002.05202},
}

@article{ramachandran2017searching,
  title = {Searching for activation functions},
  author = {Prajit Ramachandran and Barret Zoph and Quoc V. Le},
  year = {2017},
  eprint = {1710.05941},
  archivePrefix = {arXiv},
  primaryClass = {cs.NE},
  url = {https://arxiv.org/abs/1710.05941},
}

@inproceedings{dauphin2017language,
  title = {Language modeling with gated convolutional networks},
  author = {Dauphin, Yann N and Fan, Angela and Auli, Michael and Grangier, David},
  booktitle = {International conference on machine learning},
  pages = {933--941},
  year = {2017},
  organization = {PMLR},
}

@article{llama3modelcard,
  title = {Llama 3 Model Card},
  author = {{AI@Meta}},
  year = {2024},
  url = {https://github.com/meta-llama/llama3/blob/main/MODEL_CARD.md},
}

@article{llama3_400b,
  title = {{LLama 3 - 400B}},
  author = {{AI@Meta}},
  year = {2024},
  url = {https://llama-2.ai/llama-3-400b/},
}

@article{devlin2018bert,
  title = {{BERT}: Pre-training of Deep Bidirectional Transformers for Language Understanding},
  author = {Jacob Devlin and Ming-Wei Chang and Kenton Lee and Kristina Toutanova},
  year = {2019},
  eprint = {1810.04805},
  archivePrefix = {arXiv},
  primaryClass = {cs.CL},
  url = {https://arxiv.org/abs/1810.04805},
}

@inproceedings{xu2020forget,
  title = {Forget me not: Reducing catastrophic forgetting for domain adaptation in reading comprehension},
  author = {Xu, Ying and Zhong, Xu and Yepes, Antonio Jose Jimeno and Lau, Jey Han},
  booktitle = {2020 International Joint Conference on Neural Networks (IJCNN)},
  pages = {1--8},
  year = {2020},
  organization = {IEEE},
}

@misc{open-llm-leaderboard,
  author = {Edward Beeching and Clémentine Fourrier and Nathan Habib and Sheon Han and Nathan Lambert and Nazneen Rajani
            and Omar Sanseviero and Lewis Tunstall and Thomas Wolf},
  title = {Open {LLM} Leaderboard},
  year = {2023},
  publisher = {Hugging Face},
  url = {https://huggingface.co/spaces/open-llm-leaderboard/open_llm_leaderboard},
}

@article{clark2018think,
  title = {Think you have Solved Question Answering? Try {ARC}, the {AI2} Reasoning Challenge},
  author = {Peter Clark and Isaac Cowhey and Oren Etzioni and Tushar Khot and Ashish Sabharwal and Carissa Schoenick and
            Oyvind Tafjord},
  year = {2018},
  eprint = {1803.05457},
  archivePrefix = {arXiv},
  primaryClass = {cs.AI},
}

@article{zellers2019hellaswag,
  title = {{HellaSwag}: Can a Machine Really Finish Your Sentence?},
  author = {Rowan Zellers and Ari Holtzman and Yonatan Bisk and Ali Farhadi and Yejin Choi},
  year = {2019},
  eprint = {1905.07830},
  archivePrefix = {arXiv},
  primaryClass = {cs.CL},
}

@article{hendrycks2021measuring,
  title = {Measuring Massive Multitask Language Understanding},
  author = {Dan Hendrycks and Collin Burns and Steven Basart and Andy Zou and Mantas Mazeika and Dawn Song and Jacob
            Steinhardt},
  year = {2021},
  eprint = {2009.03300},
  archivePrefix = {arXiv},
  primaryClass = {cs.CY},
}

@article{lin2022truthfulqa,
  title = {{TruthfulQA: Measuring How Models Mimic Human Falsehoods}},
  author = {Stephanie Lin and Jacob Hilton and Owain Evans},
  year = {2022},
  eprint = {2109.07958},
  archivePrefix = {arXiv},
  primaryClass = {cs.CL},
}

@article{DBLP:journals/corr/abs-1907-10641,
  title = {{WINOGRANDE:} An Adversarial Winograd Schema Challenge at Scale},
  author = {Keisuke Sakaguchi and Ronan Le Bras and Chandra Bhagavatula and Yejin Choi},
  year = {2019},
  eprint = {1907.10641},
  archivePrefix = {arXiv},
  primaryClass = {cs.CL},
}

@article{DBLP:journals/corr/abs-2110-14168,
  title = {Training Verifiers to Solve Math Word Problems},
  author = {Karl Cobbe and Vineet Kosaraju and Mohammad Bavarian and Mark Chen and Heewoo Jun and Lukasz Kaiser and
            Matthias Plappert and Jerry Tworek and Jacob Hilton and Reiichiro Nakano and Christopher Hesse and John
            Schulman},
  year = {2021},
  eprint = {2110.14168},
  archivePrefix = {arXiv},
  primaryClass = {cs.CL},
}

@misc{alpaca_eval,
  author = {Xuechen Li and Tianyi Zhang and Yann Dubois and Rohan Taori and Ishaan Gulrajani and Carlos Guestrin and
            Percy Liang and Tatsunori B. Hashimoto },
  title = {{AlpacaEval: An Automatic Evaluator of Instruction-following Models}},
  year = {2023},
  publisher = {GitHub},
  journal = {GitHub repository},
  url = {https://github.com/tatsu-lab/alpaca_eval},
}

@software{Liu_LlamaIndex_2022,
  author = {Liu, Jerry},
  doi = {10.5281/zenodo.1234},
  month = {11},
  title = {{LlamaIndex}},
  url = {https://github.com/jerryjliu/llama_index},
  year = {2022},
}

@software{Chase_LangChain_2022,
  author = {Chase, Harrison},
  month = oct,
  title = {{LangChain}},
  url = {https://github.com/langchain-ai/langchain},
  year = {2022},
}

@software{ollama,
  author = {Ollama},
  title = {{Ollama}},
  url = {https://github.com/ollama/ollama},
}

@software{axolotl,
  author = {{OpenAccess AI Collective}},
  title = {Axolotl},
  url = {https://github.com/OpenAccess-AI-Collective/axolotl},
}

@software{llama.cpp,
  author = {Georgi Gerganov},
  title = {llama.cpp: LLM inference in C/C++},
  url = {https://github.com/ggerganov/llama.cpp},
}

@software{fsspec,
  author = {{python filesystem spec}},
  title = {{filesystem\_spec}},
  url = {https://github.com/fsspec/filesystem_spec},
}

@online{emb2024mxbai,
  title = {Open Source Strikes Bread - New Fluffy Embeddings Model},
  author = {Sean Lee, Aamir Shakir, Darius Koenig, Julius Lipp},
  year = {2024},
  url = {https://www.mixedbread.ai/blog/mxbai-embed-large-v1},
}

@techreport{wang2024multilingual,
  title = {Multilingual {E5} Text Embeddings: A Technical Report},
  author = {Wang, Liang and Yang, Nan and Huang, Xiaolong and Yang, Linjun and Majumder, Rangan and Wei, Furu},
  journal = {arXiv preprint arXiv:2402.05672},
  year = {2024},
}

@article{wang2023improving,
  title = {Improving Text Embeddings with Large Language Models},
  author = {Wang, Liang and Yang, Nan and Huang, Xiaolong and Yang, Linjun and Majumder, Rangan and Wei, Furu},
  journal = {arXiv preprint arXiv:2401.00368},
  year = {2023},
}

@article{nussbaum2024nomic,
  title = {Nomic Embed: Training a Reproducible Long Context Text Embedder},
  author = {Zach Nussbaum and John X. Morris and Brandon Duderstadt and Andriy Mulyar},
  year = {2024},
  eprint = {2402.01613},
  archivePrefix = {arXiv},
  primaryClass = {cs.CL},
}

@misc{borgne2024multilingualembed,
  title = {{OpenAI} vs Open-Source Multilingual Embedding Models},
  author = {Yann-A{\"{e}}l Le Borgne},
  year = {2024},
  url = {https://towardsdatascience.com/openai-vs-open-source-multilingual-embedding-models-e5ccb7c90f05},
}

@misc{brasil2018lgpd,
  author = {Brasil},
  title = {Lei n{\textdegree} 13.709, de 14 de agosto de 2018. {Lei Geral de Proteção de Dados Pessoais (LGPD)}},
  url = {https://www.planalto.gov.br/ccivil_03/_ato2015-2018/2018/lei/l13709.htm},
  year = {2018},
  urldate = {2013-05-16},
}
